@article{duchi2011adaptive,
	title={Adaptive subgradient methods for online learning and stochastic optimization},
	author={Duchi, John and Hazan, Elad and Singer, Yoram},
	journal={Journal of Machine Learning Research},
	volume={12},
	number={Jul},
	pages={2121--2159},
	year={2011}
}
@article{deepsimpleMLP,
	author    = {Dan Claudiu Ciresan and
	Ueli Meier and
	Luca Maria Gambardella and
	J{\"{u}}rgen Schmidhuber},
	title     = {Deep Big Simple Neural Nets Excel on Handwritten Digit Recognition},
	journal   = {CoRR},
	volume    = {abs/1003.0358},
	year      = {2010}
}
@article{ruder2016overview,
	title={An overview of gradient descent optimization algorithms},
	author={Ruder, Sebastian},
	journal={arXiv preprint arXiv:1609.04747},
	year={2016}
}
@inproceedings{smith2017cyclical,
	title={Cyclical learning rates for training neural networks},
	author={Smith, Leslie N},
	booktitle={Applications of Computer Vision (WACV), 2017 IEEE Winter Conference on},
	pages={464--472},
	year={2017},
	organization={IEEE}
}
@inproceedings{darken1991note,
title={Note on learning rate schedules for stochastic optimization},
author={Darken, Christian and Moody, John E},
booktitle={Advances in neural information processing systems},
pages={832--838},
year={1991}
}
@article{landgrebe2007approximating,
	title={Approximating the multiclass ROC by pairwise analysis},
	author={Landgrebe, Thomas CW and Duin, Robert PW},
	journal={Pattern recognition letters},
	volume={28},
	number={13},
	pages={1747--1758},
	year={2007},
	publisher={Elsevier}
}
@article{panchal2014review,
	title={Review on methods of selecting number of hidden nodes in artificial neural network},
	author={Panchal, G and Panchal, Mahesh},
	journal={International Journal of Computer Science and Mobile Computing},
	volume={3},
	number={11},
	pages={455--464},
	year={2014}
}
@article{lecun1998gradient,
	title={Gradient-based learning applied to document recognition},
	author={LeCun, Yann and Bottou, L{\'e}on and Bengio, Yoshua and Haffner, Patrick},
	journal={Proceedings of the IEEE},
	volume={86},
	number={11},
	pages={2278--2324},
	year={1998},
	publisher={IEEE}
}
@article{ Hornik1989,
	title={Multilayer feedforward networks are universal approximators},
	author={Kurt Hornik and Maxwell B. Stinchcombe and Halbert White},
	journal={Neural Networks},
	year={1989},
	volume={2},
	pages={359-366}
}
@article{kingma2014adam,
	title={Adam: A method for stochastic optimization},
	author={Kingma, Diederik P and Ba, Jimmy},
	journal={arXiv preprint arXiv:1412.6980},
	year={2014}
}
@inproceedings{Simard2003BestPF,
	title={Best Practices for Convolutional Neural Networks Applied to Visual Document Analysis},
	author={Patrice Y. Simard and David Steinkraus and John C. Platt},
	booktitle={ICDAR},
	year={2003}
}

@article{ANNDefinition,
	title={Neural Networks: A Comprehensive Foundation},
	author={S. Haykin},
	journal = {find just now},
	year={1999},
	volume={1},
	pages={24-24}
}

@article{backpropagationOriginal,
	title={Learning representations by back-propagating errors},
	author={Rumelhart, David E and Hinton, Geoffrey E and Williams, Ronald J},
	journal={nature},
	volume={323},
	number={6088},
	pages={533-536},
	year={1986},
	publisher={Nature Publishing Group}
}

